@inproceedings{phosphor_oopsla,
    title = {Phosphor: Illuminating Dynamic Data Flow in Commododity JVMs},
    author = {Bell, J. and Kaiser, G. E.},
    year = {2014},
    booktitle = {OOPSLA '14: Proceedings of the 2014 ACM International Conference on Object Oriented Programming Languages and Systems Languages \& Applications},
    pages = {83-101},
    address = {New York, NY, USA},
    publisher = {ACM}
}

@mastersproject{manoj_thesis,
    title = {Dynamic Taint Tracking using Partial Instrumentation for Java Applications},
    author = {Thakur, M.},
    school = {University of California, Los Angeles},
    address = {Los Angeles, CA, USA},
    year = {2015}
}

@inproceedings{dacapobach,
    title = {The {DaCapo} Benchmarks: {J}ava Benchmarking Development and Analysis},
    author = {Blackburn, S. M. and Garner, R. and Hoffman, C. and Khan, A. M.
              and McKinley, K. S. and Bentzur, R. and Diwan, A. and Feinberg, D.
	      and Frampton, D. and Guyer, S. Z. and Hirzel, M. and Hosking, A.
	      and Jump, M. and Lee, H. and Moss, J. E. B. and Phansalkar, A.
	      and Stefanovi\'{c}, D. and {VanDrunen}, T. and von~Dincklage, D.
	      and Wiedermann, B.},
    booktitle = {OOPSLA '06: Proceedings of the 21st annual ACM SIGPLAN conference on Object-Oriented Programing, Systems, Languages, and Applications},
    month = oct,
    year = {2006},
    pages = {169--190},
    location = {Portland, OR, USA},
    publisher = {ACM Press},
    address = {New York, NY, USA},
}